@unpublished{chemla.etal2018,
  author = {Chemla, Emmanuel and Buccola, Brian and Dautriche, Isabelle},
  url = {http://semanticsarchive.net/Archive/WVhYzUwM/Chemla-Buccola-Dautriche-ConnectWords.html},
  date = {2018},
  title = {Connecting Content and Logical Words},
}

@unpublished{buccola.haida2017oi,
  author = {Buccola, Brian and Haida, Andreas},
  url = {http://ling.auf.net/lingbuzz/003600},
  date = {2017},
  title = {Obligatory Irrelevance and the Computation of Ignorance Inferences},
}

@unpublished{buccola2017barenum,
  author = {Buccola, Brian},
  url = {http://ling.auf.net/lingbuzz/003400},
  date = {2017},
  subtitle = {A New Puzzle},
  title = {Bare Numerals, Collectivity, and Genericity},
}

@unpublished{buccola.etal2016,
  author = {Buccola, Brian and Križ, Manuel and Chemla, Emmanuel},
  url = {http://ling.auf.net/lingbuzz/003208},
  date = {2016},
  title = {Conceptual Alternatives},
}

@article{buccola.spector2016,
  author = {Buccola, Brian and Spector, Benjamin},
  url = {http://ling.auf.net/lingbuzz/002528},
  date = {2016},
  doi = {10.1007/s10988-016-9187-2},
  journaltitle = {Linguistics and Philosophy},
  number = {3},
  pages = {151--199},
  title = {Modified Numerals and Maximality},
  volume = {39},
}

@article{schwarz.etal2012,
  author = {Schwarz, Bernhard and Buccola, Brian and Hamilton, Michael},
  date = {2012},
  doi = {10.3765/sp.5.1},
  journaltitle = {Semantics and Pragmatics},
  number = {1},
  pages = {1--25},
  subtitle = {A Reply to {Nouwen} 2010},
  title = {Two Types of Class {B} Numeral Modifiers},
  volume = {5},
}

@inproceedings{buccola.haida2017ac,
  author = {Buccola, Brian and Haida, Andreas},
  url = {http://ling.auf.net/lingbuzz/003763},
  booktitle = {Amsterdam Colloquium},
  date = {2017},
  pages = {165--174},
  title = {Expressing Indifference in {German}},
  volume = {21},
}

@inproceedings{buccola.haida2017sub,
  author = {Buccola, Brian and Haida, Andreas},
  url = {http://ling.auf.net/lingbuzz/003173},
  booktitle = {{Sinn} und {Bedeutung}},
  date = {2017},
  title = {A Surface-Scope Analysis of Authoritative Readings of Modified Numerals},
  volume = {21},
}

@inproceedings{buccola2016sub,
  author = {Buccola, Brian},
  editor = {Bade, Nadine and Berezovskaya, Polina and Schöller, Anthea},
  url = {http://ling.auf.net/lingbuzz/002847},
  booktitle = {{Sinn} und {Bedeutung}},
  date = {2016},
  pages = {127--144},
  subtitle = {Evidence from Genericity},
  title = {Severing Maximality from \textit{fewer than}},
  volume = {20},
}

@inproceedings{buccola2015nels,
  author = {Buccola, Brian},
  editor = {Bui, Thuy and Özyıldız, Deniz},
  url = {http://ling.auf.net/lingbuzz/002512},
  booktitle = {North East Linguistic Society ({NELS})},
  date = {2015},
  pages = {125--134},
  subtitle = {When {Van} {Benthem's} Problem is Not a Problem},
  title = {Variable Monotonicity and \textit{less than}},
  volume = {45},
}

@inproceedings{buccola2013fg,
  author = {Buccola, Brian},
  editor = {Morrill, Glyn V. and Nederhof, Mark-Jan},
  location = {Heidelberg, Allemagne},
  publisher = {Springer},
  url = {http://ling.auf.net/lingbuzz/002513},
  booktitle = {Formal Grammar},
  date = {2013},
  doi = {10.1007/978-3-642-39998-5_9},
  pages = {142--158},
  series = {Lecture Notes in Computer Science},
  title = {On the Expressivity of {Optimality} {Theory} versus Ordered Rewrite Rules},
  volume = {8036},
}

@unpublished{buccola.haida2017actalk,
  author = {Buccola, Brian and Haida, Andreas},
  location = {Amsterdam, les Pays-Bas},
  date = {2017-12-21},
  note = {Présentation faite au 21st Amsterdam Colloquium},
  title = {Expressing Indifference in {German}},
}

@unpublished{buccola2016logicon,
  author = {Buccola, Brian},
  location = {Utrecht, les Pays-Bas},
  date = {2016-09-19},
  note = {Présentation faite à l'atelier Logic in Language and Conversation (LogiCon)},
  title = {Bare Numerals and Scalar Implicatures in Generic Sentences},
}

@unpublished{buccola.haida2016logicon,
  author = {Buccola, Brian and Haida, Andreas},
  location = {Utrecht, les Pays-Bas},
  date = {2016-09-20},
  note = {Présentation faite à l'atelier Logic in Language and Conversation (LogiCon)},
  title = {A Surface-Scope Analysis of Authoritative Readings of Modified Numerals},
}

@unpublished{buccola.haida2016subtalk,
  author = {Buccola, Brian and Haida, Andreas},
  location = {Édimbourg, Écosse},
  url = {http://ling.auf.net/lingbuzz/003173},
  date = {2016-09-05},
  note = {Présentation faite à la conférence Sinn und Bedeutung 21},
  title = {A Surface-Scope Analysis of Authoritative Readings of Modified Numerals},
}

@unpublished{buccola2016uab,
  author = {Buccola, Brian},
  location = {Barcelone, Espagne},
  date = {2016-05-28},
  note = {Présentation faite à l'atelier Workshop on the semantic contribution of Det and Num. (In)definiteness, genericity, and referentiality},
  subtitle = {Lessons from Genericity},
  title = {Modified and Unmodified Numerals},
}

@unpublished{buccola2015subtalk,
  author = {Buccola, Brian},
  location = {Tübingen, Allemagne},
  date = {2015-09-11},
  note = {Présentation faite à la conférence Sinn und Bedeutung 20},
  subtitle = {Evidence from Genericity},
  title = {Severing Maximality from \textit{fewer than}},
}

@unpublished{buccola2015sle,
  author = {Buccola, Brian},
  location = {Leiden, les Pays-Bas},
  date = {2015-09-03},
  note = {Présentation faite à l'atelier Syntax and Semantics of Numerals, au 48th Annual Meeting of the Societas Linguistica Europaea},
  title = {Modified Numerals, Plurality, and Boundedness},
}

@unpublished{buccola2014nelsposter,
  author = {Buccola, Brian},
  location = {Cambridge, MA},
  date = {2014-10-31},
  note = {Poster fait au 45th Annual Meeting of the North East Linguistic Society ({NELS})},
  subtitle = {The Case of {Van} {Benthem's} Problem},
  title = {Global Economic Constraints},
}

@unpublished{buccola.sonderegger2014lsa,
  author = {Buccola, Brian and Sonderegger, Morgan},
  location = {Minneapolis, MN},
  date = {2014-01-03},
  note = {Présentation faite au 88th Annual Meeting of the Linguistics Society of America},
  subtitle = {An Application to Opacity},
  title = {On the Expressivity of {Optimality} {Theory} versus Rules},
}

@unpublished{buccola.sonderegger2013phon,
  author = {Buccola, Brian and Sonderegger, Morgan},
  location = {Amherst, MA},
  date = {2013-11-09},
  note = {Poster fait à la conférence Phonology 2013},
  subtitle = {An Application to Opaque Patterns},
  title = {On the Expressivity of {Optimality} {Theory} versus Rules},
}

@unpublished{buccola2013fgtalk,
  author = {Buccola, Brian},
  location = {Düsseldorf, Allemagne},
  date = {2013-08-11},
  note = {Présentation faite à la 18th Conference on Formal Grammar},
  title = {On the Expressivity of {Optimality} {Theory} versus Ordered Rewrite Rules},
}

@unpublished{buccola.haida2016eingedi,
  author = {Buccola, Brian and Haida, Andreas},
  location = {Ein Gedi, Israël},
  date = {2016-01-24},
  note = {Poster fait à l'Edmond \& Lily Safra Center for Brain Sciences (ELSC) annual retreat},
  title = {Authoritative Readings of Superlative Modified Numerals},
}

@unpublished{buccola2014tom,
  author = {Buccola, Brian},
  location = {Toronto, Canada},
  date = {2014-04-12},
  note = {Présentation faite à l'atelier Toronto-Ottawa-Montreal semantics workshop (TOM 7)},
  title = {\textit{Less than}, Lower Bounds, and Distributivity/Collectivity},
}

@unpublished{buccola2013mot,
  author = {Buccola, Brian},
  location = {Ottawa, Canada},
  date = {2013-03-16},
  note = {Présentation faite à l'atelier Montreal-Ottawa-Toronto phonology workshop (MOT)},
  title = {A Mathematical Demonstration that Classic {Optimality} {Theory} is Expressively Weaker than Ordered Rewrite Rules},
}

@unpublished{buccola2012tom,
  author = {Buccola, Brian},
  location = {Ottawa, Canada},
  date = {2012-03-10},
  note = {Présentation faite à l'atelier Toronto-Ottawa-Montreal semantics workshop (TOM 5)},
  title = {The Nature of Ignorance Implications Arising from Superlative Quantifiers},
}

@unpublished{buccola2011tom,
  author = {Buccola, Brian},
  location = {Toronto, Canada},
  date = {2011-04-09},
  note = {Présentation faite à l'atelier Toronto-Ottawa-Montreal semantics workshop (TOM 4)},
  subtitle = {The \textit{di} vs.~\textit{che} Puzzle in {Italian}},
  title = {Phrasal and Clausal Comparatives},
}

@unpublished{buccola2017linguae,
  author = {Buccola, Brian},
  location = {Paris, France},
  addendum = {Travail collaboratif avec Andreas Haida},
  date = {2017-09-27},
  note = {Présentation invitée faite au Département d'Études Cognitives, École Normale Supérieure},
  title = {Obligatory Irrelevance and the Computation of Ignorance Inferences},
}

@unpublished{buccola2017huji,
  author = {Buccola, Brian},
  location = {Jérusalem, Israël},
  addendum = {Travail collaboratif avec Emmanuel Chemla et Manuel Križ},
  date = {2017-04-25},
  note = {Présentation invitée (colloquium) faite à la Hebrew University of Jerusalem},
  subtitle = {Competition in Language and Beyond},
  title = {Conceptual Alternatives},
}

@unpublished{buccola2016linguae,
  author = {Buccola, Brian},
  location = {Paris, France},
  addendum = {Travail collaboratif avec Andreas Haida},
  date = {2016-07-06},
  note = {Présentation invitée faite au Département d'Études Cognitives, École Normale Supérieure},
  title = {A Surface-Scope Analysis of Authoritative Readings of Modified Numerals},
}

@unpublished{buccola2016llcc,
  author = {Buccola, Brian},
  location = {Jérusalem, Israël},
  date = {2016-03-23},
  note = {Présentation invitée faite à la Hebrew University of Jerusalem},
  title = {Bare Numerals and Scalar Implicatures in Generic Sentences},
}

@unpublished{buccola2015tau,
  author = {Buccola, Brian},
  location = {Tel Aviv, Israël},
  date = {2015-11-19},
  note = {Présentation invitée (colloquium) faite à la Tel Aviv University},
  subtitle = {Lessons from Genericity},
  title = {Modified and Unmodified Numerals},
}

@unpublished{buccola2015lush,
  author = {Buccola, Brian},
  location = {Utrecht, les Pays-Bas},
  date = {2015-09-07},
  note = {Présentation invitée faite au Leiden-Utrecht Semantics Happenings (LUSH) research group},
  subtitle = {The Case of \textit{between}},
  title = {Maximal Informativity and Numeral Modifiers},
}

@proceedings{buccola.etal2014,
  editor = {Buccola, Brian and Hamilton, Michael and McKillen, Alanah and Tanner, James},
  organization = {McGill University},
  url = {https://www.mcgill.ca/mcgwpl/archives/volume-241-2014},
  date = {2014-02},
  number = {1},
  series = {McGill Working Papers in Linguistics},
  title = {Proceedings from the Sixth {Toronto-Ottawa-Montreal} ({TOM}) Workshop in Semantics},
  volume = {24},
}

@proceedings{mckillen.buccola2013,
  editor = {McKillen, Alanah and Buccola, Brian},
  organization = {McGill University},
  url = {https://www.mcgill.ca/mcgwpl/archives/volume-231-2013},
  date = {2013-06},
  number = {1},
  series = {McGill Working Papers in Linguistics},
  title = {Proceedings from the First {Montreal-Ottawa-Toronto-Hamilton} ({MOTH}) Workshop in Syntax},
  volume = {23},
}

@thesis{buccola2015diss,
  author = {Buccola, Brian},
  institution = {McGill University},
  location = {Montréal, Canada},
  url = {http://ling.auf.net/lingbuzz/003039},
  date = {2015-07},
  title = {Maximality in the Semantics of Modified Numerals},
  type = {phdthesis},
}

